<record><leader>00000cas a2200000 a 4500</leader><controlfield tag="001">13663931</controlfield><controlfield tag="008">860530d19031996okuir ne      0   a0eng d</controlfield><datafield ind1=" " ind2=" " tag="010"><subfield code="a">sn 86063924 </subfield></datafield><datafield ind1=" " ind2=" " tag="040"><subfield code="a">KSH</subfield><subfield code="b">eng</subfield><subfield code="c">KSH</subfield><subfield code="d">NPT</subfield><subfield code="d">NSD</subfield><subfield code="d">OBN</subfield><subfield code="d">OCLCQ</subfield><subfield code="d">OCLCF</subfield><subfield code="d">OCLCO</subfield></datafield><datafield ind1=" " ind2=" " tag="012"><subfield code="m">1</subfield></datafield><datafield ind1="1" ind2=" " tag="022"><subfield code="a">0896-4661</subfield><subfield code="l">0896-4661</subfield><subfield code="2">1</subfield></datafield><datafield ind1="1" ind2=" " tag="029"><subfield code="a">AU@</subfield><subfield code="b">000025817282</subfield></datafield><datafield ind1=" " ind2=" " tag="032"><subfield code="a">317680</subfield><subfield code="b">USPS</subfield></datafield><datafield ind1=" " ind2=" " tag="037"><subfield code="b">Logan County News, 108 N. Grand, P.O. Box 275, Crescent, OK 73028</subfield></datafield><datafield ind1=" " ind2=" " tag="042"><subfield code="a">msc</subfield><subfield code="a">nsdp</subfield></datafield><datafield ind1=" " ind2=" " tag="043"><subfield code="a">n-us-ok</subfield></datafield><datafield ind1="0" ind2=" " tag="130"><subfield code="a">Logan County news (Crescent, Okla.)</subfield></datafield><datafield ind1=" " ind2="4" tag="222"><subfield code="a">The Logan County news</subfield><subfield code="b">(Crescent, Okla.)</subfield></datafield><datafield ind1="1" ind2="4" tag="245"><subfield code="a">The Logan County news.</subfield></datafield><datafield ind1="3" ind2=" " tag="246"><subfield code="a">News</subfield></datafield><datafield ind1=" " ind2=" " tag="260"><subfield code="a">Crescent, Logan County, Okla. :</subfield><subfield code="b">J.H. Maher</subfield></datafield><datafield ind1=" " ind2=" " tag="300"><subfield code="a">v.</subfield></datafield><datafield ind1=" " ind2=" " tag="310"><subfield code="a">Triweekly,</subfield><subfield code="b">Mar. 24, 1995-Oct. 30, 1996</subfield></datafield><datafield ind1=" " ind2=" " tag="321"><subfield code="a">Semiweekly,</subfield><subfield code="b">Oct. 4, 1994-Mar. 22, 1995</subfield></datafield><datafield ind1=" " ind2=" " tag="321"><subfield code="a">Weeky,</subfield><subfield code="b">Feb. 6, 1903-Sep. 28, 1994</subfield></datafield><datafield ind1="1" ind2=" " tag="362"><subfield code="a">Began on Feb. 6, 1903.</subfield></datafield><datafield ind1="0" ind2=" " tag="362"><subfield code="a">-v. 95, no. 55 (Oct. 30, 1996).</subfield></datafield><datafield ind1=" " ind2=" " tag="588"><subfield code="a">Description based on: Vol. 2, no. 47 (July 15, 1904).</subfield></datafield><datafield ind1=" " ind2=" " tag="588"><subfield code="a">Latest issue consulted: Issue no. 35 of the 85th year (Nov. 5, 1987).</subfield></datafield><datafield ind1=" " ind2="0" tag="651"><subfield code="a">Crescent (Okla.)</subfield><subfield code="v">Newspapers.</subfield></datafield><datafield ind1=" " ind2="0" tag="651"><subfield code="a">Logan County (Okla.)</subfield><subfield code="v">Newspapers.</subfield></datafield><datafield ind1=" " ind2="7" tag="655"><subfield code="a">Newspapers.</subfield><subfield code="2">fast</subfield><subfield code="0">(OCoLC)fst01423814</subfield></datafield><datafield ind1=" " ind2="7" tag="651"><subfield code="a">Oklahoma</subfield><subfield code="z">Crescent.</subfield><subfield code="2">fast</subfield><subfield code="0">(OCoLC)fst01306443</subfield></datafield><datafield ind1=" " ind2="7" tag="651"><subfield code="a">Oklahoma</subfield><subfield code="z">Logan County.</subfield><subfield code="2">fast</subfield><subfield code="0">(OCoLC)fst01205715</subfield></datafield><datafield ind1=" " ind2=" " tag="752"><subfield code="a">United States</subfield><subfield code="b">Oklahoma</subfield><subfield code="c">Logan</subfield><subfield code="d">Crescent.</subfield></datafield><datafield ind1="0" ind2="7" tag="785"><subfield code="t">Guthrie daily leader</subfield><subfield code="w">(DLC)sn 86063952</subfield><subfield code="w">(OCoLC)13748544</subfield></datafield><datafield ind1="0" ind2="7" tag="785"><subfield code="t">Guthrie news leader</subfield><subfield code="w">(DLC)sn 96006719</subfield><subfield code="w">(OCoLC)36023096</subfield></datafield></record>